@mastersthesis{sousa2012,
  author    = {Pedro Sousa},
  title     = {Real Time Collaborative Editing Systems},
  school    = {Universidade Nova de Lisboa},
  year      = {2012},
  url       = {https://run.unl.pt/bitstream/10362/7802/1/Sousa_2012.pdf}
}

@techreport{imine2011,
  author    = {Ahmed Imine and Claude Michel Labb√©},
  title     = {A Survey of Real-Time Collaborative Editing Systems},
  institution = {Inria},
  year      = {2011},
  url       = {https://inria.hal.science/inria-00555588/document}
}

@article{finn2016,
  author    = {Chelsea Finn and Ian Goodfellow and Sergey Levine},
  title     = {Unsupervised Learning for Physical Interaction through Video Prediction},
  journal   = {arXiv preprint arXiv:1608.03960},
  year      = {2016},
  url       = {https://arxiv.org/abs/1608.03960}
}

@inproceedings{ellis1989,
  author    = {Clarence A. Ellis and Simon J. Gibbs},
  title     = {Concurrency Control in Groupware Systems},
  booktitle = {Proceedings of the 1989 ACM SIGMOD International Conference on Management of Data},
  year      = {1989},
  url       = {https://www.lri.fr/~mbl/ENS/CSCW/2012/papers/Ellis-SIGMOD89.pdf}
}

@misc{harris2010,
  author    = {Jeff Harris},
  title     = {What's Different about the New Google Docs: Speed and Collaboration},
  year      = {2010},
  url       = {https://drive.googleblog.com/2010/09/whats-different-about-new-google-docs_21.html},
  note      = {Google Drive Blog Post}
}

@misc{acharya2020,
  author    = {Abhirup Acharya},
  title     = {Managing Concurrent Access: Optimistic Locking vs Pessimistic Locking},
  year      = {2020},
  url       = {https://medium.com/@abhirup.acharya009/managing-concurrent-access-optimistic-locking-vs-pessimistic-locking-0f6a64294db7},
  note      = {Medium Article}
}

@misc{monacoeditor,
  author    = {{Microsoft}},
  title     = {Monaco Editor},
  year      = {2024},
  url       = {https://microsoft.github.io/monaco-editor/},
  note      = {Accessed: 2024-09-20}
}

@misc{sharedb,
  author    = {{ShareDB Contributors}},
  title     = {ShareDB Documentation},
  year      = {2024},
  url       = {https://share.github.io/sharedb/},
  note      = {Accessed: 2024-09-20}
}

@misc{firepad,
  author    = {{Firepad Developers}},
  title     = {Firepad: Collaborative Code and Text Editing},
  year      = {2024},
  url       = {https://firepad.io/},
  note      = {Accessed: 2024-09-20}
}

@misc{etherpad,
  author    = {{Etherpad Foundation}},
  title     = {Etherpad: Real-time Collaborative Document Editing},
  year      = {2024},
  url       = {https://etherpad.org/},
  note      = {Accessed: 2024-09-20}
}

@misc{sibbet2024,
  author    = {David Sibbet},
  title     = {Reflecting on the Grove's Team Performance System},
  year      = {2024},
  url       = {https://davidsibbet.com/2024/06/reflecting-on-the-groves-team-performance-system/},
  note      = {Accessed: 2024-09-20}
}

@article{gerritsen1992,
  author    = {F. Gerritsen},
  title     = {Groupware and Computer Supported Cooperative Work: Introduction to the Special Issue},
  journal   = {Artificial Intelligence},
  volume    = {61},
  number    = {2},
  pages     = {115--128},
  year      = {1992},
  url       = {https://www.sciencedirect.com/science/article/abs/pii/000437029290013N?via%3Dihub},
  note      = {Accessed: 2024-09-20}
}
